<?xml version="1.0" encoding="UTF-8"?>
<record xmlns="http://www.loc.gov/MARC21/slim"><!-- Length implementation at offset 22 should hold a digit. Assuming 0 -->
   <leader>01465 as a2200409 a 4500</leader>
   <controlfield tag="001">6349339</controlfield>
   <controlfield tag="005">20100326184710.0</controlfield>
   <controlfield tag="008">830520d19801986abcar p  b   s0   a0eng d</controlfield>
   <datafield tag="010" ind1=" " ind2=" ">
      <subfield code="a">cn 83080896</subfield>
   </datafield>
   <datafield tag="016" ind1=" " ind2=" ">
      <subfield code="a">830808965</subfield>
   </datafield>
   <datafield tag="022" ind1="0" ind2=" ">
      <subfield code="a">0711-1274</subfield>
      <subfield code="l">0711-1274</subfield>
      <subfield code="2">4</subfield>
   </datafield>
   <datafield tag="035" ind1=" " ind2=" ">
      <subfield code="a">ocm09528171</subfield>
   </datafield>
   <datafield tag="055" ind1=" " ind2="4">
      <subfield code="a">HC117.A3</subfield>
      <subfield code="b">G4</subfield>
   </datafield>
   <datafield tag="040" ind1=" " ind2=" ">
      <subfield code="a">CaOONL</subfield>
      <subfield code="b">eng</subfield>
      <subfield code="c">CaOONL</subfield>
      <subfield code="d">CaOONL</subfield>
      <subfield code="d">NST</subfield>
      <subfield code="d">OCoLC</subfield>
      <subfield code="d">AEU</subfield>
   </datafield>
   <datafield tag="042" ind1=" " ind2=" ">
      <subfield code="a">nlc</subfield>
      <subfield code="a">isds/c</subfield>
   </datafield>
   <datafield tag="043" ind1=" " ind2=" ">
      <subfield code="a">n-cn-ab</subfield>
   </datafield>
   <datafield tag="082" ind1="0" ind2=" ">
      <subfield code="a">016.3337</subfield>
      <subfield code="2">19</subfield>
   </datafield>
   <datafield tag="090" ind1=" " ind2=" ">
      <subfield code="a">HC 117 A3 G4</subfield>
      <subfield code="b">AEU</subfield>
   </datafield>
   <datafield tag="110" ind1="1" ind2=" ">
      <subfield code="a">Alberta.</subfield>
      <subfield code="b">Alberta Energy and Natural Resources.</subfield>
   </datafield>
   <datafield tag="210" ind1="0" ind2=" ">
      <subfield code="a">Gen. publ. Alta. Energy Nat. Resour.</subfield>
   </datafield>
   <datafield tag="222" ind1=" " ind2="0">
      <subfield code="a">General publications of Alberta Energy and Natural Resources</subfield>
   </datafield>
   <datafield tag="240" ind1="0" ind2="0">
      <subfield code="a">General publications of Alberta Energy and Natural Resources.</subfield>
   </datafield>
   <datafield tag="245" ind1="1" ind2="0">
      <subfield code="a">General publications of Alberta Energy and Natural Resources 1986</subfield>
   </datafield>
   <datafield tag="260" ind1=" " ind2=" ">
      <subfield code="a">Edmonton :</subfield>
      <subfield code="b">Alberta Energy and Natural Resources,</subfield>
      <subfield code="c">1980-[1986]</subfield>
   </datafield>
   <datafield tag="300" ind1=" " ind2=" ">
      <subfield code="a">v. ;</subfield>
      <subfield code="c">20-28 cm.</subfield>
   </datafield>
   <datafield tag="310" ind1=" " ind2=" ">
      <subfield code="a">annual</subfield>
      <subfield code="b">1985-1986</subfield>
   </datafield>
   <datafield tag="321" ind1=" " ind2=" ">
      <subfield code="a">Two issues yearly</subfield>
      <subfield code="b">1980-1984,</subfield>
   </datafield>
   <datafield tag="362" ind1="0" ind2=" ">
      <subfield code="a">Fall 1980-</subfield>
   </datafield>
   <datafield tag="596" ind1=" " ind2=" ">
      <subfield code="a">38</subfield>
   </datafield>
   <datafield tag="610" ind1="1" ind2="0">
      <subfield code="a">Alberta.</subfield>
      <subfield code="b">Alberta Energy and Natural Resources</subfield>
      <subfield code="v">Catalogs.</subfield>
   </datafield>
   <datafield tag="650" ind1=" " ind2="0">
      <subfield code="a">Natural resources</subfield>
      <subfield code="z">Alberta</subfield>
      <subfield code="v">Periodicals.</subfield>
   </datafield>
   <datafield tag="650" ind1=" " ind2="0">
      <subfield code="a">Energy industries</subfield>
      <subfield code="z">Alberta</subfield>
      <subfield code="v">Periodicals.</subfield>
   </datafield>
   <datafield tag="785" ind1="0" ind2="0">
      <subfield code="a">Alberta. Alberta Energy.</subfield>
      <subfield code="t">General publications</subfield>
      <subfield code="x">0832-6886</subfield>
   </datafield>
   <datafield tag="850" ind1=" " ind2=" ">
      <subfield code="a">CaOOG</subfield>
   </datafield>
   <datafield tag="926" ind1=" " ind2=" ">
      <subfield code="a">UABARD</subfield>
      <subfield code="b">ON_SHELF</subfield>
      <subfield code="c">HC 117 A3 G4 Library has holdings</subfield>
      <subfield code="d">PERIODICAL</subfield>
      <subfield code="f">1</subfield>
   </datafield>
   <datafield tag="927" ind1=" " ind2=" ">
      <subfield code="a">UABARD</subfield>
   </datafield>
   <datafield tag="927" ind1=" " ind2=" ">
      <subfield code="b">Location</subfield>
      <subfield code="c">ON_SHELF-- HC 117 A3 G4</subfield>
   </datafield>
   <datafield tag="927" ind1=" " ind2=" ">
      <subfield code="b">Library has</subfield>
      <subfield code="c">1980-1986 Incomplete: 1981,1984</subfield>
   </datafield>
</record>
